@article{knuth84,
  author = {Knuth, Donald E.},
  title = {Literate Programming},
  year = {1984},
  issue_date = {May 1984},
  publisher = {Oxford University Press, Inc.},
  address = {USA},
  volume = {27},
  number = {2},
  issn = {0010-4620},
  url = {https://doi.org/10.1093/comjnl/27.2.97},
  doi = {10.1093/comjnl/27.2.97},
  journal = {Comput. J.},
  month = may,
  pages = {97â€“111},
  numpages = {15}
}


@book{braga2020fundamentals,
  title={Fundamentals of pattern recognition and machine learning},
  author={Braga-Neto, Ulisses},
  year={2020},
  publisher={Springer}
}


@misc{ardianumam2017,
  title = {Understanding {{Multivariate Gaussian}}, {{Gaussian Properties}} and {{Gaussian Mixture Model}}},
  author = {{ardianumam}},
  year = {2017},
  month = oct,
  journal = {Ardian Umam blog},
  abstract = {(1) Multivariate Gaussian We already discuss Gaussian distribution function with one variable (univariate) here. In this post, we will discuss about Gaussian distribution function with multi variab\ldots},
  langid = {english},
  file = {/Users/stevenchiu/Zotero/storage/6CUPGFSU/understanding-multivariate-gaussian-gaussian-prperties-and-gaussian-mixture-model.html}
}


